%% This BibTeX bibliography file was created using BibDesk.
%% http://bibdesk.sourceforge.net/


%% Created for Daniel Hellfeld at 2016-12-13 11:13:16 -0800 


%% Saved with string encoding Unicode (UTF-8) 



@article{Barnowski2015,
	Author = {R. Barnowski, and A. Haefner, and L. Mihailescu, and K. Vetter},
	Date-Added = {2016-12-13 19:10:03 +0000},
	Date-Modified = {2016-12-13 19:12:56 +0000},
	Journal = {Nucl. Instrum. Methods A},
	Pages = {65-69},
	Volume = {800},
	Year = {2015}}

@article{Lehner2004,
	Author = {C. E. Lehner},
	Date-Added = {2016-12-13 17:58:44 +0000},
	Date-Modified = {2016-12-13 17:59:04 +0000},
	Journal = {Ph.D. Thesis, University of Michigan},
	Year = {2004}}

@article{Bissantz2006,
	Author = {N. Bissantz, and B. A. Mair, and A. Munk},
	Date-Added = {2016-12-13 17:52:28 +0000},
	Date-Modified = {2016-12-13 19:13:16 +0000},
	Journal = {IEEE NSS Conference Record},
	Pages = {3376-3379},
	Year = {2006}}

@article{SheppVardi1982,
	Author = {L. A. Shepp, and Y. Vardi},
	Date-Added = {2016-12-13 17:51:30 +0000},
	Date-Modified = {2016-12-13 17:52:25 +0000},
	Journal = {IEEE Trans. Med. Imag.},
	Pages = {113-122},
	Volume = {1},
	Year = {1982}}

@article{Wahl2011,
	Author = {C. Wahl},
	Date-Added = {2016-12-13 17:23:14 +0000},
	Date-Modified = {2016-12-13 17:23:40 +0000},
	Journal = {Ph.D. Thesis, University of Michigan},
	Year = {2011}}

@article{Dicke1968,
	Author = {R.H. Dicke},
	Date-Added = {2016-12-12 21:27:13 +0000},
	Date-Modified = {2016-12-12 21:27:45 +0000},
	Journal = {The Astrophysical Journal},
	Pages = {101-106},
	Volume = {153},
	Year = {1968}}

@article{Galloway2011,
	Author = {M. Galloway, and other},
	Date-Added = {2016-12-12 20:19:11 +0000},
	Date-Modified = {2016-12-13 08:14:14 +0000},
	Journal = {Nucl. Instrum. Methods A},
	Pages = {641-645},
	Title = {Simulation and detector response for the High Efficiency Multimode Imager},
	Volume = {652},
	Year = {2011}}

@article{Luke1995,
	Author = {P. N. Luke},
	Date-Added = {2016-12-12 19:46:13 +0000},
	Date-Modified = {2016-12-12 19:46:13 +0000},
	Journal = {IEEE Trans. Nucl. Sci.},
	Pages = {207},
	Title = {Unipolar charge sensing with coplanar electrodes-application to semiconductor detectors},
	Volume = {4},
	Year = {1995}}

@article{Haefner2015,
	Author = {A. Haefner, and D. Gunter, and R. Barnowski, and K. Vetter},
	Date-Added = {2016-12-12 19:04:43 +0000},
	Date-Modified = {2016-12-13 08:14:29 +0000},
	Journal = {IEEE Trans. on Nucl. Sci.},
	Number = {4},
	Pages = {1911-1917},
	Volume = {62},
	Year = {2015}}

@article{Healpix2005,
	Author = {K.M. G{\'o}rski, and others},
	Date-Added = {2016-11-15 15:18:16 +0000},
	Date-Modified = {2016-11-15 15:18:16 +0000},
	Journal = {The Astrophysical Journal},
	Number = {2},
	Pages = {759-771},
	Title = {HEALPix: A Framework for High-Resolution Discretization and Fast Analysis of Data Distributed on the Sphere},
	Volume = {662},
	Year = {2005}}

@article{FenimoreCannon1978,
	Author = {E. E. Fenimore, and T. M. Cannon},
	Date-Added = {2016-11-15 02:21:29 +0000},
	Date-Modified = {2016-11-15 02:21:29 +0000},
	Journal = {\href{https://www.osapublishing.org/ao/abstract.cfm?uri=ao-17-3-337}{Applied Optics}},
	Pages = {3},
	Volume = {17},
	Year = {1978}}

@article{LangeCarson1984,
	Author = {K. Lange, and R. Carson},
	Date-Added = {2016-11-15 02:21:11 +0000},
	Date-Modified = {2016-11-15 02:21:11 +0000},
	Journal = {\href{https://www.researchgate.net/profile/Richard_Carson2/publication/16586854_E-M_Reconstruction_Algorithms_for_Emission_and_Transmission_Tomography/links/5421badd0cf26120b79f8681.pdf}{Journal of Computer Assisted Tomography}},
	Pages = {306-316},
	Volume = {8(2)},
	Year = {1984}}

@article{Agostinelli2003,
	Author = {S. Agostinelli, and others},
	Date-Added = {2016-04-29 01:29:47 +0000},
	Date-Modified = {2016-10-20 01:33:21 +0000},
	Journal = {(GEANT4 Collaboration), \href{http://dx.doi.org/10.1016/S0168-9002(03)01368-8}{Nucl. Instrum. Methods A}},
	Pages = {250},
	Title = {Geant4 - a simulation tookit},
	Volume = {506},
	Year = {2003}}
