%% This BibTeX bibliography file was created using BibDesk.
%% http://bibdesk.sourceforge.net/


%% Created for Daniel Hellfeld at 2016-11-15 07:18:20 -0800 


%% Saved with string encoding Unicode (UTF-8) 



@article{Healpix2005,
	Author = {K.M. G{\'o}rski, and others},
	Date-Added = {2016-11-15 15:18:16 +0000},
	Date-Modified = {2016-11-15 15:18:16 +0000},
	Journal = {The Astrophysical Journal},
	Number = {2},
	Pages = {759-771},
	Title = {HEALPix: A Framework for High-Resolution Discretization and Fast Analysis of Data Distributed on the Sphere},
	Volume = {662},
	Year = {2005}}

@article{FenimoreCannon1978,
	Author = {E. E. Fenimore, and T. M. Cannon},
	Date-Added = {2016-11-15 02:21:29 +0000},
	Date-Modified = {2016-11-15 02:21:29 +0000},
	Journal = {\href{https://www.osapublishing.org/ao/abstract.cfm?uri=ao-17-3-337}{Applied Optics}},
	Pages = {3},
	Volume = {17},
	Year = {1978}}

@article{LangeCarson1984,
	Author = {K. Lange, and R. Carson},
	Date-Added = {2016-11-15 02:21:11 +0000},
	Date-Modified = {2016-11-15 02:21:11 +0000},
	Journal = {\href{https://www.researchgate.net/profile/Richard_Carson2/publication/16586854_E-M_Reconstruction_Algorithms_for_Emission_and_Transmission_Tomography/links/5421badd0cf26120b79f8681.pdf}{Journal of Computer Assisted Tomography}},
	Pages = {306-316},
	Volume = {8(2)},
	Year = {1984}}

@article{Agostinelli2003,
	Author = {S. Agostinelli, and others},
	Date-Added = {2016-04-29 01:29:47 +0000},
	Date-Modified = {2016-10-20 01:33:21 +0000},
	Journal = {(GEANT4 Collaboration), \href{http://dx.doi.org/10.1016/S0168-9002(03)01368-8}{Nucl. Instrum. Methods A}},
	Pages = {250},
	Title = {Geant4 - a simulation tookit},
	Volume = {506},
	Year = {2003}}
